% This file was created with JabRef 2.10.
% Encoding: UTF-8


@Article{kelly2013towards,
  Title                    = {Towards the implementation of IoT for environmental condition monitoring in homes},
  Author                   = {Kelly, Sean Dieter Tebje and Suryadevara, Nagender Kumar and Mukhopadhyay, Subhas Chandra},
  Journal                  = {IEEE Sensors Journal},
  Year                     = {2013},
  Number                   = {10},
  Pages                    = {3846--3853},
  Volume                   = {13},

  Owner                    = {peinado},
  Publisher                = {IEEE},
  Timestamp                = {2018.03.25}
}

